<record><leader>00000cas a2200000 a 4500</leader><controlfield tag="001">11530137</controlfield><controlfield tag="008">841228d18901891ksuwr ne      0   a0eng d</controlfield><datafield ind1=" " ind2=" " tag="010"><subfield code="a">sn 84030418 </subfield></datafield><datafield ind1=" " ind2=" " tag="040"><subfield code="a">KSH</subfield><subfield code="b">eng</subfield><subfield code="c">KSH</subfield><subfield code="d">NPT</subfield><subfield code="d">OCL</subfield><subfield code="d">OCLCQ</subfield></datafield><datafield ind1=" " ind2=" " tag="042"><subfield code="a">msc</subfield></datafield><datafield ind1="0" ind2=" " tag="130"><subfield code="a">Alliance bulletin (Harper, Kan.)</subfield></datafield><datafield ind1="1" ind2="4" tag="245"><subfield code="a">The alliance bulletin.</subfield></datafield><datafield ind1=" " ind2=" " tag="260"><subfield code="a">Harper, Kan. :</subfield><subfield code="b">Wm. Whitworth</subfield></datafield><datafield ind1=" " ind2=" " tag="300"><subfield code="a">v. :</subfield><subfield code="b">ill. ;</subfield><subfield code="c">60-66 cm.</subfield></datafield><datafield ind1=" " ind2=" " tag="310"><subfield code="a">Weekly</subfield></datafield><datafield ind1="1" ind2=" " tag="362"><subfield code="a">Began in 1890? Ceased with Sept. 25, 1891 issue?</subfield></datafield><datafield ind1=" " ind2=" " tag="500"><subfield code="a">"No more class legislation, but equal rights to all and special priviledges to none."</subfield></datafield><datafield ind1=" " ind2=" " tag="550"><subfield code="a">"Official organ of the Alliance."</subfield></datafield><datafield ind1=" " ind2=" " tag="588"><subfield code="a">Description based on: Vol. 1, no. 8 (Sept. 19, 1890).</subfield></datafield><datafield ind1=" " ind2=" " tag="752"><subfield code="a">United States</subfield><subfield code="b">Kansas</subfield><subfield code="c">Harper</subfield><subfield code="d">Harper.</subfield></datafield><datafield ind1="0" ind2="7" tag="785"><subfield code="t">Harper County enterprise</subfield><subfield code="w">(DLC)sn 84030389</subfield></datafield><datafield ind1="0" ind2="7" tag="785"><subfield code="t">Weekly bulletin (Anthony, Kan. : 1891)</subfield><subfield code="w">(DLC)sn 84030381</subfield></datafield></record>